<record><leader>00000cas a22000007a 4500</leader><controlfield tag="001">9285540</controlfield><controlfield tag="008">830307d18501862mauwr ne      0    0eng d</controlfield><datafield ind1=" " ind2=" " tag="010"><subfield code="a">sn 83020176 </subfield></datafield><datafield ind1=" " ind2=" " tag="040"><subfield code="a">NPX</subfield><subfield code="b">eng</subfield><subfield code="c">NPX</subfield><subfield code="d">MGN</subfield><subfield code="d">OCLCQ</subfield></datafield><datafield ind1=" " ind2=" " tag="042"><subfield code="a">msc</subfield></datafield><datafield ind1=" " ind2=" " tag="043"><subfield code="a">n-us-ma</subfield></datafield><datafield ind1="0" ind2="0" tag="245"><subfield code="a">Saturday courant.</subfield></datafield><datafield ind1=" " ind2=" " tag="260"><subfield code="a">Clinton, Mass. :</subfield><subfield code="b">Ballard &amp; Messinger</subfield></datafield><datafield ind1=" " ind2=" " tag="300"><subfield code="a">v. ;</subfield><subfield code="c">56 cm.</subfield></datafield><datafield ind1=" " ind2=" " tag="310"><subfield code="a">Weekly</subfield></datafield><datafield ind1="1" ind2=" " tag="362"><subfield code="a">Began July 6, 1850; ceased in 1862.</subfield></datafield><datafield ind1=" " ind2=" " tag="500"><subfield code="a">Publishers: Eliphas Ballard, 1850-1853; Ballard &amp; Bynner, 1853-1854; Ballard &amp; Bowman, 1854-1855; Eliphas Ballard, 1855-1862; W.A. Farnsworth, 1862.</subfield></datafield><datafield ind1=" " ind2=" " tag="500"><subfield code="a">Editors: F.C. Messinger, 1850-1851; Edwin Bynner, 1851-1854; John P. Davis, 1854; L.J. Livermore, 1855-1857; C.M. Bowers, 1857-1859; J.J. Allen, 1859; Horatio E. Turner, 1862; Wellington E. Parkhurst, 1862; W.A. Farnsworth, 1862.</subfield></datafield><datafield ind1=" " ind2=" " tag="588"><subfield code="a">Description based on: Apr. 19, 1851.</subfield></datafield><datafield ind1=" " ind2=" " tag="752"><subfield code="a">United States</subfield><subfield code="b">Massachusetts</subfield><subfield code="c">Worcester</subfield><subfield code="d">Clinton.</subfield></datafield><datafield ind1="0" ind2="0" tag="780"><subfield code="t">Lancaster courant</subfield><subfield code="w">(DLC)sn 83020244</subfield></datafield><datafield ind1="0" ind2="0" tag="785"><subfield code="t">Clinton courant</subfield><subfield code="w">(DLC)sn 83020177</subfield></datafield></record>